=LDR  00000nam  2200000   4500
=001 CorCAARRD-H000041
=020  971-20-0522-4
=050 ##$a ##$aFil(B) S539$bP45r$cno. 24-I
=245 24500$a 24500$aThe Philippines recommends for goat farming$cPhilippine Council for Agriculture, Aquatic and Natural Resources Research and Development (PCAARRD)
=250 250##$a 250##$aFourth edition, reprint edition
=300 300##$b 300##$axiv, 137 leaves$bwith colored photos and non colored illustrations

